<?xml version="1.0" encoding="UTF-8"?><collection xmlns="http://www.loc.gov/MARC21/slim"><record><leader>00646nam--2200229-u-4500</leader><controlfield tag="001">000051989</controlfield><controlfield tag="002">20161230</controlfield><controlfield tag="005">20161230201049</controlfield><controlfield tag="008">090526s1000------------r-----000-0-eng-d</controlfield><datafield ind1=" " ind2=" " tag="020"><subfield code="a">0486442748</subfield></datafield><datafield ind1=" " ind2=" " tag="040"><subfield code="a">IFIN-HH</subfield></datafield><datafield ind1=" " ind2=" " tag="080"><subfield code="a">534.44:517.443</subfield></datafield><datafield ind1="1" ind2=" " tag="100"><subfield code="a">Newland, D. E</subfield></datafield><datafield ind1="1" ind2="0" tag="245"><subfield code="a">An Introduction to Random Vibrations, Spectral and Wavelet Analysis</subfield><subfield code="c">D.E. Newland</subfield></datafield><datafield ind1=" " ind2=" " tag="250"><subfield code="a">Third Edition</subfield></datafield><datafield ind1=" " ind2=" " tag="260"><subfield code="a">Mineola, New York</subfield><subfield code="b">Dover Publications</subfield><subfield code="c">2005</subfield></datafield><datafield ind1=" " ind2=" " tag="300"><subfield code="a">477 p</subfield></datafield><datafield ind1=" " ind2=" " tag="490"><subfield code="a">Dover Books on Engineering</subfield></datafield><datafield ind1=" " ind2="4" tag="650"><subfield code="a">Random Vibrations</subfield></datafield><datafield ind1=" " ind2=" " tag="650"><subfield code="a">Wavelet Analysis</subfield></datafield><datafield ind1=" " ind2=" " tag="852"><subfield code="a">82256</subfield><subfield code="c">534</subfield></datafield><datafield ind1=" " ind2=" " tag="CAT"><subfield code="a">Sys</subfield><subfield code="c">20101014</subfield><subfield code="h">095544</subfield></datafield></record></collection>